@misc{petridis2021test,
  title="Test of Lepton Flavour Universality in $B^+â†’ K^+ l^+ l^-$ decays",
  author={Petridis, Konstantinos},
  year={2021},
  month={3},
  url={https://indico.cern.ch/event/976688/attachments/2213706/3748404/RK_CernSeminar_Tue23rdMar2021.pdf},
  urldate={2021-07-28}
}

@article{deSimone:2020kwi,
    author = "de Simone, P.",
    editor = "D'Ambrosio, G. and Iacovacci, M. and Mastroianni, S. and Passera, M. and Venanzoni, G.",
    collaboration = "LHCb",
    title = "{Experimental Review on Lepton Universality and Lepton Flavour Violation tests in $B$ decays}",
    doi = "10.1051/epjconf/202023401004",
    journal = "EPJ Web Conf.",
    volume = "234",
    pages = "01004",
    year = "2020"
}


@inproceedings{Moise:2021nje,
    author = "Moise, R. D.",
    collaboration = "LHCb",
    title = "{Test of lepton flavour universality in $b\to s\ell^+\ell^-$ decays}",
    booktitle = "{55th Rencontres de Moriond on Electroweak Interactions and Unified Theories}",
    eprint = "2105.06921",
    archivePrefix = "arXiv",
    primaryClass = "hep-ex",
    month = "5",
    year = "2021"
}

